@Book{hottbook,
  author = {{The Univalent Foundations Program}},
  title = {{Homotopy Type Theory: Univalent Foundations of Mathematics}},
  publisher = {\url{https://homotopytypetheory.org/book}},
  address =   {Institute for Advanced Study},
  year =      2013
}

@Misc{UniMath,
	author = {Voevodsky, Vladimir and Ahrens, Benedikt and Grayson, Daniel and others},
	title = {{UniMath --- a computer-checked library of univalent mathematics}},
	url = {https://github.com/UniMath/UniMath},
	howpublished = {{available} at \url{https://github.com/UniMath/UniMath}}
}

@inproceedings{Sojakova15,
	author    = {Kristina Sojakova},
	title     = {{Higher Inductive Types as Homotopy-Initial Algebras}},
	booktitle = {Proceedings of the 42nd Annual {ACM} {SIGPLAN-SIGACT} Symposium on
	Principles of Programming Languages, {POPL} 2015, Mumbai, India, January
	15-17, 2015},
	pages     = {31--42},
	year      = {2015},
	doi       = {10.1145/2676726.2676983},
}

@article{DybjerM18,
	author    = {Peter Dybjer and
	Hugo Moeneclaey},
	title     = {{Finitary Higher Inductive Types in the Groupoid Model}},
	journal   = {Electr. Notes Theor. Comput. Sci.},
	volume    = {336},
	pages     = {119--134},
	year      = {2018},
	doi       = {10.1016/j.entcs.2018.03.019},
}

@article{RijkeS15,
	author    = {Egbert Rijke and
	Bas Spitters},
	title     = {{Sets in Homotopy Type Theory}},
	journal   = {Mathematical Structures in Computer Science},
	volume    = {25},
	number    = {5},
	pages     = {1172--1202},
	year      = {2015},
	doi       = {10.1017/S0960129514000553},
}

@article{AhrensL19,
	author    = {Benedikt Ahrens and
	Peter LeFanu Lumsdaine},
	title     = {{Displayed Categories}},
	journal   = {Logical Methods in Computer Science},
	volume    = {15},
	number    = {1},
	year      = {2019},
}

@inproceedings{FruminGGW18,
	author    = {Dan Frumin and
	Herman Geuvers and
	L{\'{e}}on Gondelman and
	Niels van der Weide},
	title     = {{Finite Sets in Homotopy Type Theory}},
	booktitle = {Proceedings of the 7th {ACM} {SIGPLAN} International Conference on
	Certified Programs and Proofs, {CPP} 2018, Los Angeles, CA, USA, January
	8-9, 2018},
	pages     = {201--214},
	year      = {2018},
	doi       = {10.1145/3167085},
}

@article{BasoldGW17,
	author    = {Henning Basold and
	Herman Geuvers and
	Niels van der Weide},
	title     = {{Higher Inductive Types in Programming}},
	journal   = {J. {UCS}},
	volume    = {23},
	number    = {1},
	pages     = {63--88},
	year      = {2017},
}

@article{AhrensKS15,
	author    = {Benedikt Ahrens and
	Krzysztof Kapulkin and
	Michael Shulman},
	title     = {{Univalent Categories and the Rezk Completion}},
	journal   = {Mathematical Structures in Computer Science},
	volume    = {25},
	number    = {5},
	pages     = {1010--1039},
	year      = {2015},
	doi       = {10.1017/S0960129514000486},
}

@inproceedings{Doorn16,
	author    = {Floris van Doorn},
	title     = {{Constructing the Propositional Truncation using Non-Recursive HITs}},
	booktitle = {Proceedings of the 5th {ACM} {SIGPLAN} Conference on Certified Programs
	and Proofs, Saint Petersburg, FL, USA, January 20-22, 2016},
	pages     = {122--129},
	year      = {2016},
	doi       = {10.1145/2854065.2854076},
}

@article{KaposiKA19,
	author    = {Ambrus Kaposi and
	Andr{\'{a}}s Kov{\'{a}}cs and
	Thorsten Altenkirch},
	title     = {{Constructing Quotient Inductive-Inductive Types}},
	journal   = {{PACMPL}},
	volume    = {3},
	number    = {{POPL}},
	pages     = {2:1--2:24},
	year      = {2019},
}

@inproceedings{KaposiK18,
	author    = {Ambrus Kaposi and
	Andr{\'{a}}s Kov{\'{a}}cs},
	title     = {{A Syntax for Higher Inductive-Inductive Types}},
	booktitle = {3rd International Conference on Formal Structures for Computation
	and Deduction, {FSCD} 2018, July 9-12, 2018, Oxford, {UK}},
	pages     = {20:1--20:18},
	year      = {2018},
	doi       = {10.4230/LIPIcs.FSCD.2018.20},
}

@inproceedings{AltenkirchK16,
	author    = {Thorsten Altenkirch and
	Ambrus Kaposi},
	title     = {{Type Theory in Type Theory using Quotient Inductive Types}},
	booktitle = {Proceedings of the 43rd Annual {ACM} {SIGPLAN-SIGACT} Symposium on
	Principles of Programming Languages, {POPL} 2016, St. Petersburg,
	FL, USA, January 20 - 22, 2016},
	pages     = {18--29},
	year      = {2016},
	doi       = {10.1145/2837614.2837638},
}

@inproceedings{CoquandHM18,
	author    = {Thierry Coquand and
	Simon Huber and
	Anders M{\"{o}}rtberg},
	title     = {{On Higher Inductive Types in Cubical Type Theory}},
	booktitle = {Proceedings of the 33rd Annual {ACM/IEEE} Symposium on Logic in Computer
	Science, {LICS} 2018, Oxford, UK, July 09-12, 2018},
	pages     = {255--264},
	year      = {2018},
	doi       = {10.1145/3209108.3209197},
}

@inproceedings{Kraus16,
	author    = {Nicolai Kraus},
	title     = {{Constructions with Non-Recursive Higher Inductive Types}},
	booktitle = {Proceedings of the 31st Annual {ACM/IEEE} Symposium on Logic in Computer
	Science, {LICS} '16, New York, NY, USA, July 5-8, 2016},
	pages     = {595--604},
	year      = {2016},
	doi       = {10.1145/2933575.2933586},
}

@inproceedings{AltenkirchCDKF18,
	author    = {Thorsten Altenkirch and
	Paolo Capriotti and
	Gabe Dijkstra and
	Nicolai Kraus and
	Fredrik Nordvall Forsberg},
	title     = {{Quotient Inductive-Inductive Types}},
	booktitle = {Foundations of Software Science and Computation Structures - 21st
	International Conference, {FOSSACS} 2018, Held as Part of the European
	Joint Conferences on Theory and Practice of Software, {ETAPS} 2018,
	Thessaloniki, Greece, April 14-20, 2018, Proceedings},
	pages     = {293--310},
	year      = {2018},
	doi       = {10.1007/978-3-319-89366-2\_16},
}

@article{lumsdaine2017semantics,
	title={{Semantics of Higher Inductive Types}},
	author={Lumsdaine, Peter LeFanu and Shulman, Mike},
	journal={arXiv preprint arXiv:1705.07088},
	year={2017}
}

@book{mac2013categories,
	title={{Categories for the Working Mathematician}},
	author={Mac Lane, Saunders},
	volume={5},
	year={2013},
	publisher={Springer Science \& Business Media}
}

@article{ahrens2019bicategories,
	title={{Bicategories in Univalent Foundations}},
	author={Ahrens, Benedikt and Frumin, Dan and Maggesi, Marco and van der Weide, Niels},
	journal={arXiv preprint arXiv:1903.01152},
	year={2019}
}

@article{capriotti2017univalent,
	title={{Univalent Higher Categories via Complete Semi-Segal Types}},
	author={Capriotti, Paolo and Kraus, Nicolai},
	journal={Proceedings of the ACM on Programming Languages},
	volume={2},
	number={POPL},
	pages={44},
	year={2017},
	publisher={ACM}
}

@article{KrausRaumer,
	author    = {Nicolai Kraus and
	Jakob von Raumer},
	title     = {{Path Spaces of Higher Inductive Types in Homotopy Type Theory}},
	journal   = {CoRR},
	volume    = {abs/1901.06022},
	year      = {2019},
	url       = {http://arxiv.org/abs/1901.06022},
	archivePrefix = {arXiv},
	eprint    = {1901.06022},
}

@inproceedings{AltenkirchDK17,
	author    = {Thorsten Altenkirch and
	Nils Anders Danielsson and
	Nicolai Kraus},
	title     = {{Partiality, Revisited - The Partiality Monad as a Quotient Inductive-Inductive
	Type}},
	booktitle = {Foundations of Software Science and Computation Structures - 20th
	International Conference, {FOSSACS} 2017, Held as Part of the European
	Joint Conferences on Theory and Practice of Software, {ETAPS} 2017,
	Uppsala, Sweden, April 22-29, 2017, Proceedings},
	pages     = {534--549},
	year      = {2017},
	doi       = {10.1007/978-3-662-54458-7\_31},
}

@article{AngiuliMLH16,
	author    = {Carlo Angiuli and
	Edward Morehouse and
	Daniel R. Licata and
	Robert Harper},
	title     = {{Homotopical Patch Theory}},
	journal   = {J. Funct. Program.},
	volume    = {26},
	pages     = {e18},
	year      = {2016},
	doi       = {10.1017/S0956796816000198},
}

@inproceedings{AwodeyGS12,
	author    = {Steven Awodey and
	Nicola Gambino and
	Kristina Sojakova},
	title     = {{Inductive Types in Homotopy Type Theory}},
	booktitle = {Proceedings of the 27th Annual {IEEE} Symposium on Logic in Computer
	Science, {LICS} 2012, Dubrovnik, Croatia, June 25-28, 2012},
	pages     = {95--104},
	year      = {2012},
	doi       = {10.1109/LICS.2012.21},
}

@inproceedings{BezemCH13,
	author    = {Marc Bezem and
	Thierry Coquand and
	Simon Huber},
	title     = {{A Model of Type Theory in Cubical Sets}},
	booktitle = {19th International Conference on Types for Proofs and Programs, {TYPES}
	2013, April 22-26, 2013, Toulouse, France},
	pages     = {107--128},
	year      = {2013},
	doi       = {10.4230/LIPIcs.TYPES.2013.107},
}

@inproceedings{HofmannS94,
	author    = {Martin Hofmann and
	Thomas Streicher},
	title     = {{The Groupoid Model Refutes Uniqueness of Identity Proofs}},
	booktitle = {Proceedings of the Ninth Annual Symposium on Logic in Computer Science
	{(LICS} '94), Paris, France, July 4-7, 1994},
	pages     = {208--212},
	year      = {1994},
	doi       = {10.1109/LICS.1994.316071},
}

@inproceedings{LicataS13,
	author    = {Daniel R. Licata and
	Michael Shulman},
	title     = {{Calculating the Fundamental Group of the Circle in Homotopy Type Theory}},
	booktitle = {28th Annual {ACM/IEEE} Symposium on Logic in Computer Science, {LICS}
	2013, New Orleans, LA, USA, June 25-28, 2013},
	pages     = {223--232},
	year      = {2013},
	doi       = {10.1109/LICS.2013.28},
}

@inproceedings{LicataF14,
	author    = {Daniel R. Licata and
	Eric Finster},
	title     = {{Eilenberg-MacLane Spaces in Homotopy Type Theory}},
	booktitle = {Joint Meeting of the Twenty-Third {EACSL} Annual Conference on Computer
	Science Logic {(CSL)} and the Twenty-Ninth Annual {ACM/IEEE} Symposium
	on Logic in Computer Science (LICS), {CSL-LICS} '14, Vienna, Austria,
	July 14 - 18, 2014},
	pages     = {66:1--66:9},
	year      = {2014},
	doi       = {10.1145/2603088.2603153},
}

@misc{simpset,
	author = {Chris Kapulkin and Peter LeFanu Lumsdaine},
	title  = {{The Simplicial Model of Univalent Foundations (after Voevodsky)}},
	year   = 2012,
	eprint = {1211.2851},
}

@article{CavalloH19,
	author    = {Evan Cavallo and
	Robert Harper},
	title     = {{Higher Inductive Types in Cubical Computational Type Theory}},
	journal   = {{PACMPL}},
	volume    = {3},
	number    = {{POPL}},
	pages     = {1:1--1:27},
	year      = {2019},
}

@inproceedings{AngiuliHW17,
	author    = {Carlo Angiuli and
	Robert Harper and
	Todd Wilson},
	title     = {{Computational Higher-Dimensional Type Theory}},
	booktitle = {Proceedings of the 44th {ACM} {SIGPLAN} Symposium on Principles of
	Programming Languages, {POPL} 2017, Paris, France, January 18-20,
	2017},
	pages     = {680--693},
	year      = {2017},
	url       = {http://dl.acm.org/citation.cfm?id=3009861},
}

@article{CohenCHM16,
	author    = {Cyril Cohen and
	Thierry Coquand and
	Simon Huber and
	Anders M{\"{o}}rtberg},
	title     = {{Cubical Type Theory: a Constructive Interpretation of the Univalence
	Axiom}},
	journal   = {CoRR},
	volume    = {abs/1611.02108},
	year      = {2016},
	url       = {http://arxiv.org/abs/1611.02108},
	archivePrefix = {arXiv},
	eprint    = {1611.02108},
}

@article{rijke2017join,
	title={{The Join Construction}},
	author={Rijke, Egbert},
	journal={arXiv preprint arXiv:1701.07538},
	year={2017}
}

@article{dybjer1994inductive,
	title={{Inductive Families}},
	author={Dybjer, Peter},
	journal={Formal aspects of computing},
	volume={6},
	number={4},
	pages={440--465},
	year={1994},
	publisher={Springer}
}

@article{moeneclaey2016schema,
	title={{A Schema for Higher Inductive Types of Level One and Its Interpretation}},
	author={Moeneclaey, Hugo},
	journal={Internship report, supervised by Peter Dybjer, ENS Paris-Saclay},
	year={2016}
}